@book{knuth1984texbook,
  title={The \TeX{}book},
  author={Knuth, Donald Ervin},
  year={1984},
  publisher={Addison-Wesley}
}

@book{lamport1985LaTeX,
  title={\LaTeX---A Document Preparation System},
  author={Lamport, Leslie},
  year={1985},
  publisher={Addison-Wesley}
}
